

@inproceedings{brickell:daa,
 author = {Brickell, Ernie and Camenisch, Jan and Chen, Liqun},
 title = {Direct anonymous attestation},
 booktitle = {Proceedings of the 11th ACM conference on Computer and Communications Security},
 year = {2004},
} 

@InProceedings{smith:fips,
	author = {Sean Smith and Ron Perez and Steve Weingart and Vernon Austel},
	title = {Validating a High-Performance, Programmable Secure Coprocessor},
	booktitle = {National Information Systems Security Conference},
	year = {1999},
}

@inproceedings{cl,
 author = {Camenisch, Jan and Lysyanskaya, Anna},
 title = {A signature scheme with efficient protocols},
 booktitle = {Proceedings of the 3rd international conference on Security in Communication Networks},
 year = {2002},
} 

@article{smith:design,
 author = {Smith, Sean W. and Weingart, Steve},
 title = {Building a high-performance, programmable secure coprocessor},
 journal = {Computer Networks},
 volume = {31},
 number = {9},
 month = apr,
 year = {1999},
} 